@article{article,
author = {Sturzenegger, David and Gyalistras, Dimitrios and Morari, Manfred and S. Smith, Roy},
year = {2015},
month = {04},
pages = {1-1},
title = {Model Predictive Climate Control of a Swiss Office Building: Implementation, Results, and Cost-Benefit Analysis},
volume = {24},
journal = {IEEE Transactions on Control Systems Technology},
doi = {10.1109/TCST.2015.2415411}
}